%referencias legales

@book{leg:minambiente,
    author			= {{Colombia. Ministerio de Ambiente, Vivienda y Desarrollo Territorial}},
    title			= {Decreto 3600 de 2007: por el cual se Reglamentan las Disposiciones de las Leyes 99 de 1993 y 388 de 1997 Relativas a las Determinantes de Ordenamiento del Suelo Rural y al Desarrollo de Actuaciones Urbanísticas de Parcelación y Edificación  en este tipo de suelo y se adoptan otras disposiciones},
    publisher		= {Diario Oficial.},
    year			= {2007},
    note			= {},
}

%referencias legales

@book{leg:constitucion,
    author			= {{Colombia.\ Presidencia\ de\ la\ República}},
    title			= {Constitución Política de Colombia},
    publisher		= {Presidencia de la República.},
    year			= {1991},
    note			= {},
}

@book{leg:ley133,
    author			= {{Colombia. Congreso de la República.}},
    title			= {Ley 133 de 1994 (mayo 23): por la cual se desarrolla el Decreto de Libertad Religiosa y de Cultos, reconocido en el artículo 19 de la Constitución Política.},
    publisher		= {Diario Oficial},
    year			= {1994},
    note			= {},
}

@book{leg:decreto1504,
    author			= {{Colombia. Presidencia de la República}},
    title			= {Decreto 1504 de 1998: por el cual se Reglamenta el Manejo del Espacio Público en los Planes de Ordenamiento Territorial},
    publisher		= {Diario Oficial},
    year			= {1998},
    note			= {},
}
@book{leg:ley1733,
    author			= {{Colombia. Congreso de la República}},
    title			= {Ley 1733 de 2014: Ley Consuelo Devis Saavedra, mediante la cual se regulan los servicios de cuidados paliativos para el manejo integral de pacientes con enfermedades terminales, crónicas, degenerativas e irreversibles en cualquier fase de la enfermedad de alto impacto en la calidad de vida},
    publisher		= {Diario Oficial},
    year			= {2014},
    note			= {},
}

@book{leg:sentenciaSU805,
    author			= {{Colombia. Corte Constitucional}},
    title			= {Sentencia SU.805 de 2003: vía de hecho en proceso de lanzamiento por ocupacion de hecho / debido proceso de querellados - vulneración por actuaciones arbitrarias. M. P. Jaime Córdoba Triviño},
    publisher		= {Corte Constitucional},
    year			= {2003a},
    note			= {},
}



@book{leg:SentenciaT361,
    author			= {{Colombia. Corte Constitucional}},
    title			= {Sentencia T-361 de 2003: acción de tutela instaurada por Elkis Patricia Jiménez Castro contra la Universidad Cooperativa de Colombia – Seccional Santa Marta. M. P. Manuel José Cepeda Espinosa},
    publisher		= {Corte Constitucional},
    year			= {2003b},
    note			= {},
}

@book{leg:SentenciaT264,
    author			= {{Colombia. Corte Constitucional}},
    title			= {Sentencia T-264 de 2006: acción de tutela instaurada por Fanny Stella Lesmes Galarza, en representación de su menor hijo Paul Andrés Rodríguez Lesmes contra la Universidad de los Andes. M. P. Jaime Araújo Rentería},
    publisher		= {Corte Constitucional},
    year			= {2006},
    note			= {},
}

@book{leg:resolucion4331,
    author			= {{Colombia. Ministerio de Salud y Protección Social}},
    title			= {Resolución 4331 de 2012 (diciembre 19): por medio de la cual se adiciona y modifica parcialmente la Resolución 3047 de 2008 modificada por la resolución 416 de 2009},
    publisher		= {Diario Oficial},
    year			= {2012},
    note			= {},
}

@book{leg:circular048,
    author			= {{Colombia. Ministerio de Hacienda y Crédito Público. Superintendencia Financiera}},
    title			= {Circular Externa 048 de 2006 (diciembre 22)},
    publisher		= {Superfinanciera},
    year			= {2006},
    note			= {},
}

@book{leg:iluminacion,
    author			= {{Colombia. Ministerio de Minas y Energía}},
    title			= {Reglamento técnico de iluminación y alumbrado público},
    publisher		= {Ministerio de Minas y Energía},
    year			= {2010},
    note			= {},
}

@book{leg:espanalaborales, 
    author			= {{España. Ministerio de Trabajo y Asuntos Sociales. Instituto Nacional de Seguridad e Higiene en el Trabajo}},
    title			= {Evaluación de riesgos laborales},
    publisher		= {INSHT},
    year			= {1996},
    note			= {},
}

@book{leg:XXX,
    author			= {{}},
    title			= {},
    publisher		= {},
    year			= {},
    note			= {},
}
